<record><leader>00000cas a2200000 a 4500</leader><controlfield tag="001">15021641</controlfield><controlfield tag="007">hd afb---bucu</controlfield><controlfield tag="008">861229u1973uuuuctuwr nea     0    0spa c</controlfield><datafield ind1=" " ind2=" " tag="010"><subfield code="a">sn 86026577 </subfield></datafield><datafield ind1=" " ind2=" " tag="040"><subfield code="a">IUL</subfield><subfield code="b">eng</subfield><subfield code="c">IUL</subfield><subfield code="d">EYM</subfield><subfield code="d">TXA</subfield><subfield code="d">DLC</subfield><subfield code="d">IUL</subfield><subfield code="d">OCLCA</subfield><subfield code="d">OCLCQ</subfield><subfield code="d">OCLCO</subfield></datafield><datafield ind1=" " ind2=" " tag="012"><subfield code="i">8612</subfield></datafield><datafield ind1="1" ind2=" " tag="029"><subfield code="a">AU@</subfield><subfield code="b">000020449434</subfield></datafield><datafield ind1=" " ind2=" " tag="037"><subfield code="b">Bay Microfilms, Inc., 1115 E. Arques Ave., Sunnyvale, CA 94086</subfield></datafield><datafield ind1="0" ind2=" " tag="041"><subfield code="a">spa</subfield><subfield code="a">eng</subfield></datafield><datafield ind1=" " ind2=" " tag="042"><subfield code="a">pcc</subfield></datafield><datafield ind1=" " ind2=" " tag="043"><subfield code="a">n-us-ct</subfield></datafield><datafield ind1="0" ind2="0" tag="050"><subfield code="a">Newspaper</subfield></datafield><datafield ind1="1" ind2="4" tag="050"><subfield code="a">E184.M5</subfield><subfield code="b">C4535</subfield></datafield><datafield ind1="0" ind2=" " tag="130"><subfield code="a">Prensa gra&#769;fica (Hartford, Conn.)</subfield></datafield><datafield ind1="1" ind2="3" tag="245"><subfield code="a">La prensa gra&#769;fica</subfield><subfield code="h">[microform].</subfield></datafield><datafield ind1=" " ind2=" " tag="260"><subfield code="a">Hartford, Conn. :</subfield><subfield code="b">La Casa de Puerto Rico</subfield></datafield><datafield ind1=" " ind2=" " tag="300"><subfield code="a">v. :</subfield><subfield code="b">ill.</subfield></datafield><datafield ind1=" " ind2=" " tag="310"><subfield code="a">Weekly</subfield></datafield><datafield ind1="1" ind2=" " tag="362"><subfield code="a">Began in 1973?</subfield></datafield><datafield ind1=" " ind2=" " tag="546"><subfield code="a">Chiefly in Spanish with some English.</subfield></datafield><datafield ind1=" " ind2=" " tag="588"><subfield code="a">Description based on: Volumen 3, nu&#769;m. 20 (9 de mayo de 1975); title from caption.</subfield></datafield><datafield ind1=" " ind2=" " tag="588"><subfield code="a">Latest issue consulted: Volumen 3, nu&#769;m. 32 (1 de agosto de 1975).</subfield></datafield><datafield ind1=" " ind2=" " tag="533"><subfield code="a">Microfilm.</subfield><subfield code="m">v.3:no. 20-28 (9 de mayo de 1975-4 de julio de 1975) v.3:no. 32 (1 de agosto de 1975)</subfield><subfield code="b">Palo Alto, Calif. :</subfield><subfield code="c">[Filmed by Bay Microfilm, Inc., Library Microfilms Division, in conjunction with the Chicano Studies Collections, University of California, Berkeley].</subfield><subfield code="e">1 microfilm reel ; 35 mm.</subfield><subfield code="f">([Chicano serials collection] ; Sec. 3)</subfield><subfield code="n">Filmed with other titles.</subfield></datafield><datafield ind1=" " ind2="0" tag="650"><subfield code="a">Hispanic Americans</subfield><subfield code="z">Connecticut</subfield><subfield code="z">Hartford</subfield><subfield code="v">Newspapers.</subfield></datafield><datafield ind1=" " ind2="0" tag="651"><subfield code="a">Hartford (Conn.)</subfield><subfield code="v">Newspapers.</subfield></datafield><datafield ind1=" " ind2="0" tag="655"><subfield code="a">Mexican American newspapers</subfield><subfield code="z">Connecticut.</subfield></datafield><datafield ind1=" " ind2=" " tag="752"><subfield code="a">United States</subfield><subfield code="b">Connecticut</subfield><subfield code="c">Hartford</subfield><subfield code="d">Hartford.</subfield></datafield><datafield ind1="1" ind2=" " tag="776"><subfield code="c">Original</subfield><subfield code="w">(DLC)sn 86090758</subfield><subfield code="w">(OCoLC)15117884</subfield></datafield><datafield ind1=" " ind2="0" tag="830"><subfield code="a">Chicano serials collection.</subfield></datafield><datafield ind1=" " ind2=" " tag="850"><subfield code="a">DLC</subfield><subfield code="a">InU</subfield><subfield code="a">MiU</subfield></datafield></record>